\usepackge{url}

@misc{rust_book_ownership,
      title = "What is Ownership?",
      howpublished = "\url{https://doc.rust-lang.org/book/second-edition/ch04-01-what-is-ownership.html}",
      author = "The Rust Project Developers",
      year = "2017"
}

% title = "The Rust Programming Language",
% chapter = "4.1",


@misc{idris_uniqueness_types,
      title = "Uniqueness Types",
      howpublished = "\url{http://docs.idris-lang.org/en/latest/reference/uniqueness-types.html}",
      author = "The Idris Community",
      year = "2017"
}