\usepackge{url}

@misc{rust_book_ownership,
      title = "What is Ownership?",
      howpublished = "\url{https://doc.rust-lang.org/book/second-edition/ch04-01-what-is-ownership.html}",
      author = "The Rust Project Developers",
      year = "2017"
}

% title = "The Rust Programming Language",
% chapter = "4.1",

@misc{rust_book_borrowing,
      title = "References and Borrowing",
      howpublished = "\url{https://doc.rust-lang.org/book/second-edition/ch04-02-references-and-borrowing.html}",
      author = "The Rust Project Developers",
      year = "2017"
}

@misc{rust_book_traits,
      title = "Traits: Defining Shared Behavior",
      howpublished = "\url{https://doc.rust-lang.org/book/second-edition/ch10-02-traits.html}",
      author = "The Rust Project Developers",
      year = "2017"
}

@misc{rust_docs_clone_trait,
      title = "Trait std::clone::Clone",
      howpublished = "\url{https://doc.rust-lang.org/std/clone/trait.Clone.html}",
      author = "The Rust Project Developers",
      year = "2017"
}

@misc{idris_uniqueness_types,
      title = "Uniqueness Types",
      howpublished = "\url{http://docs.idris-lang.org/en/latest/reference/uniqueness-types.html}",
      author = "The Idris Community",
      year = "2017"
}

@inproceedings{Paykin:2017:LM:3122955.3122965,
 author = {Paykin, Jennifer and Zdancewic, Steve},
 title = {The Linearity Monad},
 booktitle = {Proceedings of the 10th ACM SIGPLAN International Symposium on Haskell},
 series = {Haskell 2017},
 year = {2017},
 isbn = {978-1-4503-5182-9},
 location = {Oxford, UK},
 pages = {117--132},
 numpages = {16},
 url = {http://doi.acm.org/10.1145/3122955.3122965},
 doi = {10.1145/3122955.3122965},
 acmid = {3122965},
 publisher = {ACM},
 address = {New York, NY, USA},
 keywords = {Haskell, linear/non-linear logic, monads},
}

@inproceedings{Wadler90lineartypes,
    author = {Philip Wadler},
    title = {Linear Types Can Change the World!},
    booktitle = {PROGRAMMING CONCEPTS AND METHODS},
    year = {1990},
    publisher = {North}
}

@inproceedings{caires2010session,
  title={Session Types as Intuitionistic Linear Propositions.},
  author={Caires, Lu{\'\i}s and Pfenning, Frank},
  booktitle={CONCUR},
  volume={10},
  pages={222--236},
  year={2010},
  organization={Springer}
}

@misc{LinearTypesGHC,
      title = "Linear Types",
      howpublished = "\url{https://ghc.haskell.org/trac/ghc/wiki/LinearTypes}",
      year = "2017"
}

@article{bernardy2017retrofi,
  title={Retrofi ing Linear Types In submission},
  author={BERNARDY, JEAN-PHILIPPE and BOESPFLUG, MATHIEU and NEWTON, RYAN R and JONES, SIMON PEYTON and SPIWACK, ARNAUD},
  year={2017}
}

@article{bernardy2017linear,
  title={Linear Haskell: practical linearity in a higher-order polymorphic language},
  author={Bernardy, Jean-Philippe and Boespflug, Mathieu and Newton, Ryan R and Jones, Simon Peyton and Spiwack, Arnaud},
  journal={arXiv preprint arXiv:1710.09756},
  year={2017}
}

@article{Jung:2017:RSF:3177123.3158154,
 author = {Jung, Ralf and Jourdan, Jacques-Henri and Krebbers, Robbert and Dreyer, Derek},
 title = {RustBelt: Securing the Foundations of the Rust Programming Language},
 journal = {Proc. ACM Program. Lang.},
 issue_date = {January 2018},
 volume = {2},
 number = {POPL},
 month = dec,
 year = {2017},
 issn = {2475-1421},
 pages = {66:1--66:34},
 articleno = {66},
 numpages = {34},
 url = {http://doi.acm.org/10.1145/3158154},
 doi = {10.1145/3158154},
 acmid = {3158154},
 publisher = {ACM},
 address = {New York, NY, USA},
 keywords = {Rust, concurrency, logical relations, separation logic, type systems},
}

@book{O'Sullivan:2008:RWH:1523280,
 author = {O'Sullivan, Bryan and Goerzen, John and Stewart, Don},
 title = {Real World Haskell},
 year = {2008},
 isbn = {0596514980, 9780596514983},
 edition = {1st},
 publisher = {O'Reilly Media, Inc.},
}

@article{Balasubramanian:2017:SPR:3139645.3139660,
 author = {Balasubramanian, Abhiram and Baranowski, Marek S. and Burtsev, Anton and Panda, Aurojit and Rakamari, Zvonimir and Ryzhyk, Leonid},
 title = {System Programming in Rust: Beyond Safety},
 journal = {SIGOPS Oper. Syst. Rev.},
 issue_date = {August 2017},
 volume = {51},
 number = {1},
 month = sep,
 year = {2017},
 issn = {0163-5980},
 pages = {94--99},
 numpages = {6},
 url = {http://doi.acm.org/10.1145/3139645.3139660},
 doi = {10.1145/3139645.3139660},
 acmid = {3139660},
 publisher = {ACM},
 address = {New York, NY, USA},
} 
